@book{damodaran_investment_2025,
	address = {Newark},
	edition = {4th ed},
	series = {Wiley {Finance} {Series}},
	title = {Investment {Valuation}: {Tools} and {Techniques} for {Determining} the {Value} of {Any} {Asset}},
	isbn = {978-1-394-25460-6 978-1-394-25461-3},
	shorttitle = {Investment {Valuation}},
	language = {eng},
	publisher = {John Wiley \& Sons, Incorporated},
	author = {Damodaran, Aswath},
	year = {2025},
	annote = {Description based on publisher supplied metadata and other sources},
}


@book{smith_power_2023,
	address = {Cham},
	title = {The {Power} of {Modern} {Value} {Investing}: {Beyond} {Indexing}, {Algos}, and {Alpha}},
	copyright = {https://www.springernature.com/gp/researchers/text-and-data-mining},
	isbn = {978-3-031-45899-6 978-3-031-45900-9},
	shorttitle = {The {Power} of {Modern} {Value} {Investing}},
	language = {en},
	publisher = {Springer Nature Switzerland},
	author = {Smith, Gary and Smith, Margaret},
	year = {2023},
	doi = {10.1007/978-3-031-45900-9},
}


@book{nag_stochastic_2024,
	address = {Berkeley, CA},
	edition = {1st ed. 2024},
	title = {Stochastic {Finance} with {Python}: {Design} {Financial} {Models} from {Probabilistic} {Perspective}},
	isbn = {979-8-8688-1052-7},
	shorttitle = {Stochastic {Finance} with {Python}},
	language = {eng},
	publisher = {Apress},
	author = {Nag, Avishek},
	year = {2024},
	doi = {10.1007/979-8-8688-1052-7},
}

